
@book{libro,    
    title     = {Numerical Methods for Conservation Laws},
    author    = {Randall J. LeVeque},
    year      = {1992},
    publisher = {Springer Basel AG},
    isbn      = {9783764327231},
    series    = {Lectures in Mathematics},
    address   = {Department of Mathematics, ON-50 University of Washington}
}


@article{libro2,
    author        = "R. F. WARMING, B. J. HYETT",
    title         = {The Modified Equation Approach to the Stability and Accuracy Analysis of Finite-Difference Methods},
    journal       = "Journal of computational physics",
    number        = "14",
    pages         = "159-179. 20 p",
    month         = "Jun",
    year          = "1973",
    location      = {Ames Research Center, NASA, Moffett Field, California 94035}
}

@misc{notes,
    title    = {MAT264 All notes from this year},
    year     = {2021}
}

